@book{tewari2007,
  title={Atmospheric and Space Flight Dynamics: Modeling and Simulation with MATLAB{\textregistered} and Simulink{\textregistered}},
  author={Tewari, A.},
  isbn={9780817644383},
  lccn={2006935811},
  series={Modeling and Simulation in Science, Engineering and Technology},
  url={https://books.google.es/books?id=2IFj1UBaEqsC},
  year={2007},
  publisher={Birkh{\"a}user Boston}
}
